
    @book{tellingstories,
    title = {Telling Stories with Data},
    author = {Rohan Alexander},
    year = {2023},
    publisher = {Chapman; Hall/CRC},
    url = {https://tellingstorieswithdata.com/}
  }  

  
    @Manual{citeR,
    title = {R: A Language and Environment for Statistical Computing},
    author = {{R Core Team}},
    organization = {R Foundation for Statistical Computing},
    address = {Vienna, Austria},
    year = {2022},
    url = {https://www.R-project.org/},
  }


  
   
  @Manual{citenflverse,
    title = {nflverse: Easily Install and Load the 'nflverse'},
    author = {Sebastian Carl and Ben Baldwin and Lee Sharpe and Tan Ho and John Edwards},
    year = {2023},
    note = {R package version 1.0.3},
    url = {https://CRAN.R-project.org/package=nflverse},
  }
  
   @Article{citetidyverse,
    title = {Welcome to the {tidyverse}},
    author = {Hadley Wickham and Mara Averick and Jennifer Bryan and Winston Chang and Lucy D'Agostino McGowan and Romain François and Garrett Grolemund and Alex Hayes and Lionel Henry and Jim Hester and Max Kuhn and Thomas Lin Pedersen and Evan Miller and Stephan Milton Bache and Kirill Müller and Jeroen Ooms and David Robinson and Dana Paige Seidel and Vitalie Spinu and Kohske Takahashi and Davis Vaughan and Claus Wilke and Kara Woo and Hiroaki Yutani},
    year = {2019},
    journal = {Journal of Open Source Software},
    volume = {4},
    number = {43},
    pages = {1686},
    doi = {10.21105/joss.01686},
   } 
   
   @InCollection{citeknitr,
    booktitle = {Implementing Reproducible Computational Research},
    editor = {Victoria Stodden and Friedrich Leisch and Roger D. Peng},
    title = {knitr: A Comprehensive Tool for Reproducible Research in {R}},
    author = {Yihui Xie},
    publisher = {Chapman and Hall/CRC},
    year = {2014},
    note = {ISBN 978-1466561595},
  }
  
  @misc{citeespn,
  author = {Katz, S. and Burke, B.},
  title = {How is Total QBR Calculated? We Explain Our Quarterback Rating},
  year = {2016},
  note = {ESPN},
  url = {https://www.espn.com/blog/statsinfo/post/_/id/123701/how-is-total-qbr-calculated-we-explain-our-quarterback-rating},
  urldate = {2024-11-01}
}
  
    @Article{citett,
    author = {Hadley Wickham},
    title = {testthat: Get Started with Testing},
    journal = {The R Journal},
    year = {2011},
    volume = {3},
    pages = {5--10},
    url = {https://journal.r-project.org/archive/2011-1/RJournal_2011-1_Wickham.pdf},
  }
    @Manual{citearrow,
    title = {arrow: Integration to 'Apache' 'Arrow'},
    author = {Neal Richardson and Ian Cook and Nic Crane and Dewey Dunnington and Romain François and Jonathan Keane and Dragoș Moldovan-Grünfeld and Jeroen Ooms and Jacob Wujciak-Jens and {Apache Arrow}},
    year = {2024},
    note = {R package version 15.0.1},
    url = {https://CRAN.R-project.org/package=arrow},
  }
  
    @Manual{citestyler,
    title = {styler: Non-Invasive Pretty Printing of R Code},
    author = {Kirill Müller and Lorenz Walthert},
    year = {2024},
    note = {R package version 1.10.3},
    url = {https://CRAN.R-project.org/package=styler},
  }
    @Manual{citetinytable,
    title = {tinytable: Simple and Configurable Tables in 'HTML', 'LaTeX', 'Markdown',
'Word', 'PNG', 'PDF', and 'Typst' Formats},
    author = {Vincent Arel-Bundock},
    year = {2024},
    note = {R package version 0.6.1},
    url = {https://CRAN.R-project.org/package=tinytable},
  }
  
    @Article{citecaret,
    title = {Building Predictive Models in R Using the caret Package},
    volume = {28},
    url = {https://www.jstatsoft.org/index.php/jss/article/view/v028i05},
    doi = {10.18637/jss.v028.i05},
    number = {5},
    journal = {Journal of Statistical Software},
    author = {{Kuhn} and {Max}},
    year = {2008},
    pages = {1–26},
  }